<?xml version="1.0" encoding="UTF-8"?><collection xmlns="http://www.loc.gov/MARC21/slim"><record><leader>00587nam--2200169-u-4500</leader><controlfield tag="001">000054552</controlfield><controlfield tag="002">20161230</controlfield><controlfield tag="005">20161230201051</controlfield><controlfield tag="008">120124s1000------------r-----000-0-eng-d</controlfield><datafield ind1=" " ind2=" " tag="040"><subfield code="a">IFIN-HH</subfield></datafield><datafield ind1=" " ind2=" " tag="080"><subfield code="a">539.17(061.3)</subfield></datafield><datafield ind1="1" ind2=" " tag="100"><subfield code="a">Grunhaus, Jacob</subfield></datafield><datafield ind1="1" ind2="0" tag="245"><subfield code="a">Multiparticle dynamics</subfield><subfield code="b">Proceedings of the xvi international symposium multiparticle dynamics 1985 kibbutz kiryat anavim - jerusalem - israel, june 9-14, 1985</subfield><subfield code="c">Jacob grunhaus (ed.)</subfield></datafield><datafield ind1=" " ind2=" " tag="260"><subfield code="a">Gif Sur Yvette, France</subfield><subfield code="b">Editions Frontieres</subfield><subfield code="c">1985</subfield></datafield><datafield ind1=" " ind2=" " tag="300"><subfield code="a">863P</subfield></datafield><datafield ind1=" " ind2=" " tag="852"><subfield code="a">78916</subfield><subfield code="c">539.12</subfield></datafield><datafield ind1=" " ind2=" " tag="CAT"><subfield code="a">Sys</subfield><subfield code="c">20120124</subfield><subfield code="h">162631</subfield></datafield></record></collection>